
@article{berrill_performance_2023,
	title = {Performance and Symptom Validity in Outpatient Pediatric Neuropsychological Evaluations},
	volume = {48},
	issn = {8756-5641, 1532-6942},
	url = {https://www.tandfonline.com/doi/full/10.1080/87565641.2023.2186411},
	doi = {10.1080/87565641.2023.2186411},
	pages = {56--64},
	number = {2},
	journaltitle = {Developmental Neuropsychology},
	shortjournal = {Developmental Neuropsychology},
	author = {Berrill, Lauren M. and Quagliano, Quinton and Boyce, Timothy and Donders, Jacobus},
	urldate = {2024-08-27},
	date = {2023-02-17},
	langid = {english},
}

@unpublished{qureshi_use_2024,
	location = {Denver, Colorado},
	title = {Use of a Non-invasive Central Arterial Pressure Waveform Analysis Device in Stroke Patients â€“ A Feasibility Study (P9-5.008)},
	url = {https://www.neurology.org/doi/10.1212/WNL.0000000000206422},
	note = {2024 {AAN} Annual Meeting},
	author = {Qureshi, Kasim and Quagliano, Quinton and Anderson, Taylor and Koehler, Tracy and Farooq, Muhammad and Gorelick, Philip},
	urldate = {2024-08-27},
	date = {2024-04-13},
	langid = {english},
}
